@article{shi2000normalized,
  author    = {Jianbo Shi and
               Jitendra Malik},
  title     = {Normalized Cuts and Image Segmentation},
  journal   = {IEEE Trans. Pattern Anal. Mach. Intell.},
  volume    = {22},
  number    = {8},
  pages     = {888--905},
  year      = {2000},
  publisher={IEEE}
}



@inproceedings{ioffe2015batch,
  title     = {Batch Normalization: Accelerating Deep Network Training by Reducing Internal Covariate Shift},
  author    = {Sergey Ioffe and Christian Szegedy},
  booktitle = {Proc. of ICML},
  year      = {2015}
}

//EGB
@article{felzenszwalb2004efficient,
  title={Efficient graph-based image segmentation},
  author={Felzenszwalb, Pedro F and Huttenlocher, Daniel P},
  journal={Int. J. Comput. Vis.},
  volume={59},
  number={2},
  pages={167--181},
  year={2004},
  publisher={Springer}
}

@article{uijlings2013selective,
  title={Selective search for object recognition},
  author={Uijlings, Jasper RR and Van De Sande, Koen EA and Gevers, Theo and Smeulders, Arnold WM},
  journal={Int. J. Comput. Vis.},
  volume={104},
  number={2},
  pages={154--171},
  year={2013},
  publisher={Springer}
}

// object detection/recognition
@inproceedings{juneja2013blocks,
  title={Blocks that shout: Distinctive parts for scene classification},
  author={Juneja, Mayank and Vedaldi, Andrea and Jawahar, CV and Zisserman, Andrew},
  booktitle={Proc. of IEEE CVPR},
  year={2013}
}

@article{kohli2009robust,
  title={Robust higher order potentials for enforcing label consistency},
  author={Kohli, Pushmeet and Torr, Philip HS and others},
  journal={Int. J. Comput. Vis.},
  volume={82},
  number={3},
  pages={302--324},
  year={2009},
  publisher={Springer}
}

// semantic segmentation
@article{farabet2012learning,
  title={Learning hierarchical features for scene labeling},
  author={Farabet, Clement and Couprie, Camille and Najman, Laurent and LeCun, Yann},
  journal={IEEE Trans. Pattern Anal. Mach. Intell.},
  volume={35},
  number={8},
  pages={1915--1929},
  year={2012},
  publisher={IEEE}
}

//CNN
@inproceedings{krizhevsky2012imagenet,
  title={Imagenet classification with deep convolutional neural networks},
  author={Krizhevsky, Alex and Sutskever, Ilya and Hinton, Geoffrey E},
  booktitle={Proc. of NeurIPS},
  year={2012}
}

@article{zeng2017unified,
  title={A unified collaborative multikernel fuzzy clustering for Multiview data},
  author={Zeng, Shan and Wang, Xiuying and Cui, Hui and Zheng, Chaojie and Feng, David},
  journal={IEEE Trans. Fuzzy Syst.},
  volume={26},
  number={3},
  pages={1671--1687},
  year={2017},
  publisher={IEEE}
}

//GraphCut
@article{ma2016unsupervised,
  title={Unsupervised multi-class co-segmentation via joint-cut over $ L\_ $\{$1$\}$ $-manifold hyper-graph of discriminative image regions},
  author={Ma, Jizhou and Li, Shuai and Qin, Hong and Hao, Aimin},
  journal={IEEE Trans. Image Process.},
  volume={26},
  number={3},
  pages={1216--1230},
  year={2016},
  publisher={IEEE}
}

//watershed transformation
@inproceedings{bai2017deep,
  title={Deep watershed transform for instance segmentation},
  author={Bai, Min and Urtasun, Raquel},
  booktitle={Proc. of IEEE CVPR},
  year={2017}
}

//hidden Markov random field(HMRF)
@article{pereyra2017fast,
  title={Fast unsupervised Bayesian image segmentation with adaptive spatial regularisation},
  author={Pereyra, Marcelo and McLaughlin, Steve},
  journal={IEEE Trans. Image Process.},
  volume={26},
  number={6},
  pages={2577--2587},
  year={2017},
  publisher={IEEE}
}

// fcn
@inproceedings{long2015fully,
  title={Fully convolutional networks for semantic segmentation},
  author={Long, Jonathan and Shelhamer, Evan and Darrell, Trevor},
  booktitle={Proc. of IEEE CVPR},
  year={2015}
}
//unet
@inproceedings{ronneberger2015u,
  title={U-net: Convolutional networks for biomedical image segmentation},
  author={Ronneberger, Olaf and Fischer, Philipp and Brox, Thomas},
  booktitle={Proc. of MICCAI},
  year={2015}
}

// superpixel
@inproceedings{ren2003learning,
  title={Learning a classification model for segmentation},
  author={Ren, Xiaofeng and Malik, Jitendra},
  booktitle = {Proc. of ICCV},
  year={2003}
}

// superpixel object detection
@inproceedings{shu2013improving,
  title={Improving an object detector and extracting regions using superpixels},
  author={Shu, Guang and Dehghan, Afshin and Shah, Mubarak},
  booktitle={Proc. of IEEE CVPR},
  year={2013}
}

@inproceedings{yan2015object,
  title={Object detection by labeling superpixels},
  author={Yan, Junjie and Yu, Yinan and Zhu, Xiangyu and Lei, Zhen and Li, Stan Z},
  booktitle={Proc. of IEEE CVPR},
  year={2015}
}

//sp semantic segmentation
@article{gould2008multi,
  title={Multi-class segmentation with relative location prior},
  author={Gould, Stephen and Rodgers, Jim and Cohen, David and Elidan, Gal and Koller, Daphne},
  journal={Int. J. Comput. Vis.},
  volume={80},
  number={3},
  pages={300--316},
  year={2008},
  publisher={Springer}
}

@inproceedings{gadde2016superpixel,
  title={Superpixel convolutional networks using bilateral inceptions},
  author={Gadde, Raghudeep and Jampani, Varun and Kiefel, Martin and Kappler, Daniel and Gehler, Peter V},
  booktitle={Proc. of ECCV},
  year={2016}
}

@inproceedings{sharma2014recursive,
  title={Recursive context propagation network for semantic scene labeling},
  author={Sharma, Abhishek and Tuzel, Oncel and Liu, Ming-Yu},
  booktitle={Proc. of NeurIPS},
  year={2014}
}


// tracking
@inproceedings{wang2011superpixel,
  title={Superpixel tracking},
  author={Wang, Shu and Lu, Huchuan and Yang, Fan and Yang, Ming-Hsuan},
  booktitle={Proc. of ICCV},
  year={2011}
}

@article{yang2014robust,
  title={Robust superpixel tracking},
  author={Yang, Fan and Lu, Huchuan and Yang, Ming-Hsuan},
  journal={IEEE Trans. Image Process.},
  volume={23},
  number={4},
  pages={1639--1651},
  year={2014},
  publisher={IEEE}
}
//saliency estimates
@article{he2015supercnn,
  title={Supercnn: A superpixelwise convolutional neural network for salient object detection},
  author={He, Shengfeng and Lau, Rynson WH and Liu, Wenxi and Huang, Zhe and Yang, Qingxiong},
  journal={Int. J. Comput. Vis.},
  volume={115},
  number={3},
  pages={330--344},
  year={2015},
  publisher={Springer}
}

@inproceedings{yang2013saliency,
  title={Saliency detection via graph-based manifold ranking},
  author={Yang, Chuan and Zhang, Lihe and Lu, Huchuan and Ruan, Xiang and Yang, Ming-Hsuan},
  booktitle={Proc. of IEEE CVPR},
  year={2013}
}

@inproceedings{zhu2014saliency,
  title={Saliency optimization from robust background detection},
  author={Zhu, Wangjiang and Liang, Shuang and Wei, Yichen and Sun, Jian},
  booktitle={Proc. of IEEE CVPR},
  year={2014}
}

//slic
@article{achanta2012slic,
  title={SLIC superpixels compared to state-of-the-art superpixel methods},
  author={ Radhakrishna Achanta and  Appu Shaji and Smith, Kevin and Lucchi, Aurelien and Fua, Pascal and S{\"u}sstrunk, Sabine},
  journal={IEEE Trans. Pattern Anal. Mach. Intell.},
  volume={34},
  number={11},
  pages={2274--2282},
  year={2012},
  publisher={IEEE}
}

//SSN
@inproceedings{jampani2018superpixel,
  title={Superpixel sampling networks},
  author={Jampani, Varun and Sun, Deqing and Liu, Ming-Yu and Yang, Ming-Hsuan and Kautz, Jan},
  booktitle={Proc. of ECCV},
  year={2018}
}

//SP POOLING
@inproceedings{kwak2017weakly,
  title={Weakly supervised semantic segmentation using superpixel pooling network},
  author={Kwak, Suha and Hong, Seunghoon and Han, Bohyung},
  booktitle={Proc. of AAAI},
  year={2017}
}


//BSDS500
@article{arbelaez2010contour,
  title={Contour detection and hierarchical image segmentation},
  author={Arbelaez, Pablo and Maire, Michael and Fowlkes, Charless and Malik, Jitendra},
  journal={IEEE Trans. Pattern Anal. Mach. Intell.},
  volume={33},
  number={5},
  pages={898--916},
  year={2010},
  publisher={IEEE}
}

//FCM?�̨�D
@article{zaixin2013neighbourhood,
  title={Neighbourhood weighted fuzzy c-means clustering algorithm for image segmentation},
  author={Zaixin, Zhao and Lizhi, Cheng and Guangquan, Cheng},
  journal={IET Image Process},
  volume={8},
  number={3},
  pages={150--161},
  year={2013},
  publisher={IET}
}

@article{gong2012fuzzy,
  title={Fuzzy c-means clustering with local information and kernel metric for image segmentation},
  author={Gong, Maoguo and Liang, Yan and Shi, Jiao and Ma, Wenping and Ma, Jingjing},
  journal={IEEE Trans. Image Process.},
  volume={22},
  number={2},
  pages={573--584},
  year={2012},
  publisher={IEEE}
}

@article{zhang2017novel,
  title={A novel adaptive fuzzy local information $ c $-means clustering algorithm for remotely sensed imagery classification},
  author={Zhang, Hua and Wang, Qunming and Shi, Wenzhong and Hao, Ming},
  journal={IEEE Trans. Geoscience and Remote Sensing},
  volume={55},
  number={9},
  pages={5057--5068},
  year={2017},
  publisher={IEEE}
}

//SFFCM
@article{lei2018superpixel,
  title={Superpixel-based Fast fuzzy C-means clustering for color image segmentation},
  author={Lei, Tao and Jia, Xiaohong and Zhang, Yanning and Liu, Shigang and Meng, Hongying and Nandi, Asoke K},
  journal= {IEEE Trans. Fuzzy Systems},
  volume    = {27},
  number    = {9},
  pages     = {1753--1766},
  year      = {2019},
  publisher={IEEE}
}

//wt
@inproceedings{Hu2015Watershed,
  title={Watershed superpixel},
  author={Hu, Zhongwen and Zou, Qin and Li, Qingquan},
  booktitle={Proc. of ICIP},
  year={2015}
  }

//DEL
@inproceedings{liu2018deep,
  title={DEL: Deep Embedding Learning for Efficient Image Segmentation.},
  author={Liu, Yun and Jiang, Peng-Tao and Petrosyan, Vahan and Li, Shi-Jie and Bian, Jiawang and Zhang, Le and Cheng, Ming-Ming},
  booktitle={Proc. of IJCAI},
  year={2018}
}

//caffe
@inproceedings{jia2014caffe,
  title={Caffe: Convolutional architecture for fast feature embedding},
  author={Jia, Yangqing and Shelhamer, Evan and Donahue, Jeff and Karayev, Sergey and Long, Jonathan and Girshick, Ross and Guadarrama, Sergio and Darrell, Trevor},
  booktitle={Proc. of ACM MM},
  year={2014}
  }

//LSC
@inproceedings{li2015superpixel,
  title={Superpixel segmentation using linear spectral clustering},
  author={Li, Zhengqin and Chen, Jiansheng},
  booktitle={Proc. of IEEE CVPR},
  year={2015}
}
//FLIC
@inproceedings{Zhao2017FLIC,
  author    = {Jiaxing Zhao and
               Bo Ren and
               Qibin Hou and
               Ming-Ming Cheng and
               Paul L. Rosin},
  title     = {{FLIC:} Fast Linear Iterative Clustering With Active Search},
  booktitle = {Proc. of AAAI},
  year      = {2018},
}




//align-hier
@inproceedings{chen2016scale,
  title={Scale-aware alignment of hierarchical image segmentation},
  author={Chen, Yuhua and Dai, Dengxin and Pont-Tuset, Jordi and Van Gool, Luc},
  booktitle={Proc. of IEEE CVPR},
  year={2016}
}

//meanshift
@article{comaniciu2002mean,
  title={Mean shift: A robust approach toward feature space analysis},
  author={Comaniciu, Dorin and Meer, Peter},
  journal={IEEE Trans. Pattern Anal. Mach. Intell.},
  volume    = {24},
  number    = {5},
  pages     = {603--619},
  year={2002},
  publisher={IEEE}
}
//mcg
@article{pont2016multiscale,
  title={Multiscale combinatorial grouping for image segmentation and object proposal generation},
  author={Pont-Tuset, Jordi and Arbelaez, Pablo and Barron, Jonathan T and Marques, Ferran and Malik, Jitendra},
  journal={IEEE Trans. Pattern Anal. Mach. Intell.},
  volume={39},
  number={1},
  pages={128--140},
  year={2016},
  publisher={IEEE}
}


//GN
@inproceedings{wu2018group,
  title={Group normalization},
  author={Wu, Yuxin and He, Kaiming},
  booktitle={Proc. of ECCV},
  year={2018}
}

//Adam
@inproceedings{kingma2014adam,
  author    = {Diederik P. Kingma and
               Jimmy Ba},
  title     = {Adam: A Method for Stochastic Optimization},
  booktitle = {Proc. of ICLR},
  year      = {2015},
}
@inproceedings{cheng2016hfs,
  title={HFS: Hierarchical feature selection for efficient image segmentation},
  author={Cheng, Ming-Ming and Liu, Yun and Hou, Qibin and Bian, Jiawang and Torr, Philip and Hu, Shi-Min and Tu, Zhuowen},
  booktitle={ECCV},
  pages={867--882},
  year={2016},
  organization={Springer}
}
@inproceedings{khelifi2016gce,
  title={GCE-based model for the fusion of multiples color image segmentations},
  author={Khelifi, Lazhar and Mignotte, Max},
  booktitle={Proc. of ICIP},
  year={2016}
  }
@article{carpineto2012consensus,
  title={Consensus clustering based on a new probabilistic rand index with application to subtopic retrieval},
  author={Carpineto, Claudio and Romano, Giovanni},
  journal={IEEE Trans. Pattern Anal. Mach. Intell.},
  volume={34},
  number={12},
  pages={2315--2326},
  year={2012},
  publisher={IEEE}
}
@article{xie2019automatic,
  title={Automatic image segmentation with superpixels and image-level labels},
  author={Xie, Xinlin and Xie, Gang and Xu, Xinying and Cui, Lei and Ren, Jinchang},
  journal={IEEE Access},
  volume={7},
  number={},
  pages={10999--11009},
  year={2019},
  publisher={IEEE}
}

@article{conze2019unsupervised,
  title={Unsupervised learning-based long-term superpixel tracking},
  author={Conze, Pierre-Henri and Tilquin, Florian and Lamard, Mathieu and Heitz, Fabrice and Quellec, Gwenol{\'e}},
  journal={Image Vis. Comput.},
  volume={89},
  number={},
  pages={289--301},
  year={2019},
  publisher={Elsevier}
}

@inproceedings{ahn2018learning,
  title={Learning pixel-level semantic affinity with image-level supervision for weakly supervised semantic segmentation},
  author={Ahn, Jiwoon and Kwak, Suha},
  booktitle={Proc. of IEEE CVPR},
  year={2018}
}

@article{chaibou2019learning,
  title={Learning contextual superpixel similarity for consistent image segmentation},
  author={Chaibou, Mahaman Sani and Conze, Pierre-Henri and Kalti, Karim and Mahjoub, Mohamed Ali and Solaiman, Basel},
  journal={Multimed. Tools. Appl.},
  volume    = {79},
  number    = {3-4},
  pages     = {2601--2627},
  year      = {2020},
  publisher={Springer}
}

//clustering
@book{abu2015integrative,
  title={Integrative cluster analysis in bioinformatics},
  author={Abu-Jamous, Basel and Fa, Rui and Nandi, Asoke K},
  year={2015},
  publisher={John Wiley \& Sons}
}

@article{zeng2017unified,
  title={A unified collaborative multikernel fuzzy clustering for Multiview data},
  author={Zeng, Shan and Wang, Xiuying and Cui, Hui and Zheng, Chaojie and Feng, David},
  journal={TFS},
  volume={26},
  number={3},
  pages={1671--1687},
  year={2017},
  publisher={IEEE}
}

//GraphCut
@article{ma2016unsupervised,
  title={Unsupervised multi-class co-segmentation via joint-cut over $ L\_ $\{$1$\}$ $-manifold hyper-graph of discriminative image regions},
  author={Ma, Jizhou and Li, Shuai and Qin, Hong and Hao, Aimin},
  journal={TIP},
  volume={26},
  number={3},
  pages={1216--1230},
  year={2016},
  publisher={IEEE}
}
//watershed transformation
@inproceedings{bai2017deep,
  title={Deep watershed transform for instance segmentation},
  author={Bai, Min and Urtasun, Raquel},
  booktitle={IEEE CVPR},
  pages={5221--5229},
  year={2017}
}
//hidden Markov random field(HMRF)
@article{pereyra2017fast,
  title={Fast unsupervised Bayesian image segmentation with adaptive spatial regularisation},
  author={Pereyra, Marcelo and McLaughlin, Steve},
  journal={TIP},
  volume={26},
  number={6},
  pages={2577--2587},
  year={2017},
  publisher={IEEE}
}
@article{1967Some,
  title={Some methods for classification and analysis of multivariate observations},
  author={ Macqueen, J. },
  journal={Proc. Symp. Math. Statist. and Probability, 5th},
  volume={1},
  year={1967},
}
//SH
@article{SpHierarchy,
  author    = {Xing Wei and
               Qingxiong Yang and
               Yihong Gong and
               Narendra Ahuja and
               Ming{-}Hsuan Yang},
  title     = {Superpixel Hierarchy},
  journal   = {{IEEE} Trans. Image Process.},
  volume    = {27},
  number    = {10},
  pages     = {4838--4849},
  year      = {2018}
}
//Boruvka
@incollection{2003Boruvka,
  author    = {Jonathan L. Gross and
               Jay Yellen and
               Lowell W. Beineke and
               Robin J. Wilson},
  editor    = {Jonathan L. Gross and
               Jay Yellen},
  title     = {Introduction to Graphs},
  booktitle = {Handbook of Graph Theory},
  series    = {Discrete Mathematics and Its Applications},
  pages     = {1--55},
  publisher = {Chapman {\&} Hall / Taylor {\&} Francis},
  year      = {2003}
}
//深度学习
@article{2006DL,
  author    = {Geoffrey E. Hinton and
               Simon Osindero and
               Yee Whye Teh},
  title     = {A Fast Learning Algorithm for Deep Belief Nets},
  journal   = {Neural Comput.},
  volume    = {18},
  number    = {7},
  pages     = {1527--1554},
  year      = {2006}
}
//AlexNet
@inproceedings{2012AlexNet,
  author    = {Alex Krizhevsky and
               Ilya Sutskever and
               Geoffrey E. Hinton},
  editor    = {Peter L. Bartlett and
               Fernando C. N. Pereira and
               Christopher J. C. Burges and
               L{\'{e}}on Bottou and
               Kilian Q. Weinberger},
  title     = {ImageNet Classification with Deep Convolutional Neural Networks},
  booktitle = {Advances in Neural Information Processing Systems 25: 26th Annual
               Conference on Neural Information Processing Systems 2012. Proceedings
               of a meeting held December 3-6, 2012, Lake Tahoe, Nevada, United States},
  pages     = {1106--1114},
  year      = {2012}
}
//word2vector
@inproceedings{2013word2vector,
  author    = {Tomas Mikolov and
               Kai Chen and
               Greg Corrado and
               Jeffrey Dean},
  editor    = {Yoshua Bengio and
               Yann LeCun},
  title     = {Efficient Estimation of Word Representations in Vector Space},
  booktitle = {1st International Conference on Learning Representations, {ICLR} 2013,
               Scottsdale, Arizona, USA, May 2-4, 2013, Workshop Track Proceedings},
  year      = {2013}
} 
//LeNet
@article{1998Gradient,
  title={Gradient-based learning applied to document recognition},
  author={ Lecun, Y  and  Bottou, L },
  journal={Proceedings of the IEEE},
  volume={86},
  number={11},
  pages={2278-2324},
  year={1998},
}


//UPerNet
@inproceedings{xiao2018unified,
  author    = {Tete Xiao and
               Yingcheng Liu and
               Bolei Zhou and
               Yuning Jiang and
               Jian Sun},
  title     = {Unified Perceptual Parsing for Scene Understanding},
  booktitle = {Computer Vision - {ECCV} 2018},
  series    = {Lecture Notes in Computer Science},
  volume    = {11209},
  pages     = {432--448},
  publisher = {Springer},
  year      = {2018}
}

